@inproceedings{packer,
 author = {Oberheide, Jon and Bailey, Michael and Jahanian, Farnam},
 title = {PolyPack: An Automated Online Packing Service for Optimal Antivirus Evasion},
 booktitle = {Proceedings of the 3rd USENIX Conference on Offensive Technologies},
 series = {WOOT'09},
 year = {2009},
 location = {Montreal, Canada},
 pages = {9--9},
 numpages = {1},
 url = {http://dl.acm.org/citation.cfm?id=1855876.1855885},
 acmid = {1855885},
 publisher = {USENIX Association},
 address = {Berkeley, CA, USA},
} 

@misc{networksig,
	title = {The Case for Network-based Malware Detection},
	howpublished = {\url{http://www.tmcnet.com/tmc/whitepapers/documents/whitepapers/2014/9599-case-network-based-malware-detection.pdf}},
}

@inproceedings{bro,
	author = {Paxson, Vern},
	title = {Bro: A System for Detecting Network Intruders in Real-time},
	booktitle = {Proceedings of the 7th Conference on USENIX Security Symposium - Volume 7},
	series = {SSYM'98},
	year = {1998},
	location = {San Antonio, Texas},
	pages = {3--3},
	numpages = {1},
	url = {http://dl.acm.org/citation.cfm?id=1267549.1267552},
	acmid = {1267552},
	publisher = {USENIX Association},
	address = {Berkeley, CA, USA},
} 

article{codesurfer,
	author = {Teitelbaum, Tim},
	title = {CodeSurfer},
	journal = {SIGSOFT Softw. Eng. Notes},
	issue_date = {Jan 2000},
	volume = {25},
	number = {1},
	month = jan,
	year = {2000},
	issn = {0163-5948},
	pages = {99--},
	url = {http://doi.acm.org/10.1145/340855.341076},
	doi = {10.1145/340855.341076},
	acmid = {341076},
	publisher = {ACM},
	address = {New York, NY, USA},
} 
